
      <record>
         <leader>00000nz  a2200169   4500</leader>
         <controlfield tag="001">30002115</controlfield>
         <controlfield tag="003">RISM</controlfield>
         <controlfield tag="005">20160216</controlfield>
         <controlfield tag="008">160216n||az|||||||##########||||||||||||</controlfield>
         <datafield tag="040" ind1=" " ind2=" ">
            <subfield code="a">RO-Ba</subfield>
         </datafield>
         <datafield tag="043" ind1=" " ind2=" ">
            <subfield code="c">RO</subfield>
         </datafield>
         <datafield tag="110" ind1="2" ind2=" ">
            <subfield code="a">Biblioteca Academiei Române</subfield>
            <subfield code="c">Bucureşti</subfield>
            <subfield code="g">RO-Ba</subfield>
         </datafield>
         <datafield tag="410" ind1="2" ind2=" ">
            <subfield code="a">Biblioteca Academiei Republicii Socialiste România</subfield>
         </datafield>
      </record>