
      <record>
         <leader>00000nz  a2200169   4500</leader>
         <controlfield tag="001">30005721</controlfield>
         <controlfield tag="003">RISM</controlfield>
         <controlfield tag="005">20160216</controlfield>
         <controlfield tag="008">160216n||az|||||||##########||||||||||||</controlfield>
         <datafield tag="040" ind1=" " ind2=" ">
            <subfield code="a">RO-BRbn</subfield>
         </datafield>
         <datafield tag="043" ind1=" " ind2=" ">
            <subfield code="c">XA-RO</subfield>
         </datafield>
         <datafield tag="110" ind1="2" ind2=" ">
            <subfield code="a">Evangelische Kirche A.B. Kronstadt, Archiv und Bibliothek der Honterusgemeinde</subfield>
            <subfield code="c">Braşov</subfield>
            <subfield code="g">RO-BRbn</subfield>
         </datafield>
         <datafield tag="410" ind1="2" ind2=" ">
            <subfield code="a">Biserica Neagră</subfield>
         </datafield>
         <datafield tag="622" ind1=" " ind2=" ">
            <subfield code="e">Evangelische Kirche A.B. Kronstadt,,  Archiv und Bibliothek der,  Honterusgemeinde, Curtea Johannes Honterus 2, 500025 Braşov, Romania</subfield>
            <subfield code="u">http://www.honterusgemeinde.ro/</subfield>
         </datafield>
      </record>