
      <record>
         <leader>00000nz  a2200169   4500</leader>
         <controlfield tag="001">30006345</controlfield>
         <controlfield tag="003">RISM</controlfield>
         <controlfield tag="005">20160216</controlfield>
         <controlfield tag="008">160216n||az|||||||##########||||||||||||</controlfield>
         <datafield tag="040" ind1=" " ind2=" ">
            <subfield code="a">RO-Ca</subfield>
         </datafield>
         <datafield tag="043" ind1=" " ind2=" ">
            <subfield code="c">XA-RO</subfield>
         </datafield>
         <datafield tag="110" ind1="2" ind2=" ">
            <subfield code="a">Biblioteca Academiei Romane - Filiala Cluj-Napoca</subfield>
            <subfield code="c">Cluj-Napoca</subfield>
            <subfield code="g">RO-Ca</subfield>
         </datafield>
         <datafield tag="622" ind1=" " ind2=" ">
            <subfield code="e">Biblioteca Academiei Romane - Filiala, Cluj-Napoca, str. Mihail Kogalniceanu, nr. 12-14, 400015 Cluj-Napoca, Romania</subfield>
            <subfield code="u">http://www.acad-cluj.ro/biblioteca_academiei_romane.php</subfield>
         </datafield>
      </record>