
      <record>
         <leader>00000nz  a2200169   4500</leader>
         <controlfield tag="001">30077389</controlfield>
         <controlfield tag="003">RISM</controlfield>
         <controlfield tag="005">20160216</controlfield>
         <controlfield tag="008">160216n||az|||||||##########||||||||||||</controlfield>
         <datafield tag="040" ind1=" " ind2=" ">
            <subfield code="a">RO-MCcsm</subfield>
         </datafield>
         <datafield tag="043" ind1=" " ind2=" ">
            <subfield code="c">XA-RO</subfield>
         </datafield>
         <datafield tag="110" ind1="2" ind2=" ">
            <subfield code="a">Csíki Székely múzeum</subfield>
            <subfield code="c">Miercurea Ciuc</subfield>
            <subfield code="g">RO-MCcsm</subfield>
         </datafield>
         <datafield tag="410" ind1="2" ind2=" ">
            <subfield code="a">formerly: Complexul muzeal Judeţean Harghita</subfield>
         </datafield>
      </record>