
      <record>
         <leader>00000nz  a2200169   4500</leader>
         <controlfield tag="001">30002121</controlfield>
         <controlfield tag="003">RISM</controlfield>
         <controlfield tag="005">20160216</controlfield>
         <controlfield tag="008">160216n||az|||||||##########||||||||||||</controlfield>
         <datafield tag="040" ind1=" " ind2=" ">
            <subfield code="a">RO-O</subfield>
         </datafield>
         <datafield tag="043" ind1=" " ind2=" ">
            <subfield code="c">XA-RO</subfield>
         </datafield>
         <datafield tag="110" ind1="2" ind2=" ">
            <subfield code="a">Arhivele Naţionale ale României, Direcţiei Judeţene</subfield>
            <subfield code="c">Oradea</subfield>
            <subfield code="g">RO-O</subfield>
         </datafield>
         <datafield tag="410" ind1="2" ind2=" ">
            <subfield code="a">Arhivele Statului, Filiala Oradea</subfield>
         </datafield>
      </record>