
      <record>
         <leader>00000nz  a2200169   4500</leader>
         <controlfield tag="001">30002122</controlfield>
         <controlfield tag="003">RISM</controlfield>
         <controlfield tag="005">20160216</controlfield>
         <controlfield tag="008">160216n||az|||||||##########||||||||||||</controlfield>
         <datafield tag="040" ind1=" " ind2=" ">
            <subfield code="a">RO-Sa</subfield>
         </datafield>
         <datafield tag="043" ind1=" " ind2=" ">
            <subfield code="c">XA-RO</subfield>
         </datafield>
         <datafield tag="110" ind1="2" ind2=" ">
            <subfield code="a">Arhivele Naţionale ale României, Direcţiei Judeţene</subfield>
            <subfield code="c">Sibiu</subfield>
            <subfield code="g">RO-Sa</subfield>
         </datafield>
         <datafield tag="410" ind1="2" ind2=" ">
            <subfield code="a">Filiala Arhivelor statului</subfield>
         </datafield>
         <datafield tag="410" ind1="2" ind2=" ">
            <subfield code="a">Arhivele Statului, Filiala Sibiu</subfield>
         </datafield>
         <datafield tag="622" ind1=" " ind2=" ">
            <subfield code="e">Arhivele Naţionale ale României,, Direcţiei Judeţene, Str. Arhivelor nr.3, 550164 Sibiu, Romania</subfield>
         </datafield>
      </record>