
      <record>
         <leader>00000nz  a2200169   4500</leader>
         <controlfield tag="001">30005698</controlfield>
         <controlfield tag="003">RISM</controlfield>
         <controlfield tag="005">20160216</controlfield>
         <controlfield tag="008">160216n||az|||||||##########||||||||||||</controlfield>
         <datafield tag="040" ind1=" " ind2=" ">
            <subfield code="a">RO-Se</subfield>
         </datafield>
         <datafield tag="043" ind1=" " ind2=" ">
            <subfield code="c">XA-RO</subfield>
         </datafield>
         <datafield tag="110" ind1="2" ind2=" ">
            <subfield code="a">Landeskonsistorium der evangelischen Kirchen A.B. in Rumänien, Archiv</subfield>
            <subfield code="c">Sibiu</subfield>
            <subfield code="g">RO-Se</subfield>
         </datafield>
         <datafield tag="622" ind1=" " ind2=" ">
            <subfield code="e">Landeskonsistorium der evangelischen, Kirchen A.B. in Rumänien, Archiv, Str. General Magheru 4, 2400 Sibiu, Romania</subfield>
         </datafield>
      </record>