
      <record>
         <leader>00000nz  a2200169   4500</leader>
         <controlfield tag="001">30002124</controlfield>
         <controlfield tag="003">RISM</controlfield>
         <controlfield tag="005">20160216</controlfield>
         <controlfield tag="008">160216n||az|||||||##########||||||||||||</controlfield>
         <datafield tag="040" ind1=" " ind2=" ">
            <subfield code="a">RO-TMt</subfield>
         </datafield>
         <datafield tag="043" ind1=" " ind2=" ">
            <subfield code="c">XA-RO</subfield>
         </datafield>
         <datafield tag="110" ind1="2" ind2=" ">
            <subfield code="a">Biblioteca Teleki Bolyai</subfield>
            <subfield code="c">Tîrgu-Mureş</subfield>
            <subfield code="g">RO-TMt</subfield>
         </datafield>
         <datafield tag="410" ind1="2" ind2=" ">
            <subfield code="a">Biblioteca Documentară Teleki</subfield>
         </datafield>
         <datafield tag="580" ind1=" " ind2=" ">
            <subfield code="x">RO-TMj</subfield>
            <subfield code="0">30005765</subfield>
         </datafield>
      </record>
   </collection>
 
